@article{einstein,
    author = "Jean-Michel Marin",
    title = "{Monte Carlo and Markov chain Monte Carlo methods}",

}



 
